@inproceedings{Arcuri:2011:PGU:1985793.1985795,
 author = {Arcuri, Andrea and Briand, Lionel},
 title = {A Practical Guide for Using Statistical Tests to Assess Randomized Algorithms in Software Engineering},
 booktitle = {Proceedings of the 33rd International Conference on Software Engineering},
 series = {ICSE '11},
 year = {2011},
 isbn = {978-1-4503-0445-0},
 location = {Waikiki, Honolulu, HI, USA},
 pages = {1--10},
 numpages = {10},
 url = {http://doi.acm.org/10.1145/1985793.1985795},
 doi = {10.1145/1985793.1985795},
 acmid = {1985795},
 publisher = {ACM},
 address = {New York, NY, USA},
 keywords = {bonferroni adjustment, confidence interval, effect size, non-parametric test, parametric test, statistical difference, survey, systematic review},
}

@inproceedings{Long:2012:AIR:2337223.2337233,
 author = {Long, Fan and Ganesh, Vijay and Carbin, Michael and Sidiroglou, Stelios and Rinard, Martin},
 title = {Automatic Input Rectification},
 booktitle = {Proceedings of the 34th International Conference on Software Engineering},
 series = {ICSE '12},
 year = {2012},
 isbn = {978-1-4673-1067-3},
 location = {Zurich, Switzerland},
 pages = {80--90},
 numpages = {11},
 url = {http://dl.acm.org/citation.cfm?id=2337223.2337233},
 acmid = {2337233},
 publisher = {IEEE Press},
 address = {Piscataway, NJ, USA},
} 
%TODO S-DAGs

@inproceedings{Demsky:2006:IED:1146238.1146266,
 author = {Demsky, Brian and Ernst, Michael D. and Guo, Philip J. and McCamant, Stephen and Perkins, Jeff H. and Rinard, Martin},
 title = {Inference and Enforcement of Data Structure Consistency Specifications},
 booktitle = {Proceedings of the 2006 International Symposium on Software Testing and Analysis},
 series = {ISSTA '06},
 year = {2006},
 isbn = {1-59593-263-1},
 location = {Portland, Maine, USA},
 pages = {233--244},
 numpages = {12},
 url = {http://doi.acm.org/10.1145/1146238.1146266},
 doi = {10.1145/1146238.1146266},
 acmid = {1146266},
 publisher = {ACM},
 address = {New York, NY, USA},
 keywords = {data structure repair, dynamic invariant detection},
}

@InProceedings{docovery:ase14,
author = {Tomasz Kuchta and Cristian Cadar and Miguel Castro and Manuel Costa},
title = {{Docovery}: Toward Generic Automatic Document Recovery},
booktitle = {International Conference on Automated Software Engineering (ASE 2014)},
year = {2014},
month = {9},
location = {Västerås, Sweden},
pages = {563--574},
}

    %TODO Grosch Error Recovery in recursive descent parsers

@article{Demsky:2003:ADR:949343.949314,
 author = {Demsky, Brian and Rinard, Martin},
 title = {Automatic Detection and Repair of Errors in Data Structures},
 journal = {SIGPLAN Not.},
 issue_date = {November 2003},
 volume = {38},
 number = {11},
 month = oct,
 year = {2003},
 issn = {0362-1340},
 pages = {78--95},
 numpages = {18},
 url = {http://doi.acm.org/10.1145/949343.949314},
 doi = {10.1145/949343.949314},
 acmid = {949314},
 publisher = {ACM},
 address = {New York, NY, USA},
 keywords = {data structure invariants, data structure repair}
} 

@article{SCOTT2010177,
title = "GLL Parsing",
journal = "Electronic Notes in Theoretical Computer Science",
volume = "253",
number = "7",
pages = "177 - 189",
year = "2010",
note = "Proceedings of the Ninth Workshop on Language Descriptions Tools and Applications (LDTA 2009)",
issn = "1571-0661",
doi = "https://doi.org/10.1016/j.entcs.2010.08.041",
url = "http://www.sciencedirect.com/science/article/pii/S1571066110001209",
author = "Elizabeth Scott and Adrian Johnstone",
keywords = "generalised parsing, recursive descent, RNGLR and RIGLR parsing, context free languages"
}

@INPROCEEDINGS{1553560,
author={B. Demsky and M. Rinard},
booktitle={Proceedings. 27th International Conference on Software Engineering, 2005. ICSE 2005.},
title={Data structure repair using goal-directed reasoning},
year={2005},
volume={},
number={},
pages={176-185},
keywords={data structures;reasoning about programs;software fault tolerance;data structure repair;goal-directed reasoning;Artificial intelligence;Computer errors;Computer languages;Computer science;Concrete;Data structures;Debugging;Mechanical factors;Software engineering;Software testing},
doi={10.1109/ICSE.2005.1553560},
ISSN={0270-5257},
month={May},}

@inproceedings{Rinard:2007:LCZ:1297027.1297072,
 author = {Rinard, Martin C.},
 title = {Living in the Comfort Zone},
 booktitle = {Proceedings of the 22Nd Annual ACM SIGPLAN Conference on Object-oriented Programming Systems and Applications},
 series = {OOPSLA '07},
 year = {2007},
 isbn = {978-1-59593-786-5},
 location = {Montreal, Quebec, Canada},
 pages = {611--622},
 numpages = {12},
 url = {http://doi.acm.org/10.1145/1297027.1297072},
 doi = {10.1145/1297027.1297072},
 acmid = {1297072},
 publisher = {ACM},
 address = {New York, NY, USA},
 keywords = {acceptability properties, comfort zone, monitoring, rectification, repair},
} 

@article{Parr:2011:LFA:1993316.1993548,
 author = {Parr, Terence and Fisher, Kathleen},
 title = {LL(*): The Foundation of the {ANTLR} Parser Generator},
 journal = {SIGPLAN Not.},
 issue_date = {June 2011},
 volume = {46},
 number = {6},
 month = jun,
 year = {2011},
 issn = {0362-1340},
 pages = {425--436},
 numpages = {12},
 url = {http://doi.acm.org/10.1145/1993316.1993548},
 doi = {10.1145/1993316.1993548},
 acmid = {1993548},
 publisher = {ACM},
 address = {New York, NY, USA},
 keywords = {augmented transition networks, backtracking, context-sensitive parsing, deterministic finite automata, glr, memoization, nondeterministic parsing, peg, semantic predicates, subset construction, syntactic predicates},
}

@article{zeller2002simplifying,
 author = {Zeller, Andreas and Hildebrandt, Ralf},
 title = {Simplifying and Isolating Failure-Inducing Input},
 journal = {IEEE Trans. Softw. Eng.},
 issue_date = {February 2002},
 volume = {28},
 number = {2},
 month = feb,
 year = {2002},
 issn = {0098-5589},
 pages = {183--200},
 numpages = {18},
 url = {http://dx.doi.org/10.1109/32.988498},
 doi = {10.1109/32.988498},
 acmid = {506206},
 publisher = {IEEE Press},
 address = {Piscataway, NJ, USA},
 keywords = {Automated debugging, debugging aids, testing tools, combinatorial testing, diagnostics, tracing.},
} 

@article{LeGoues:2012:GGM:2122269.2122544,
 author = {Le Goues, Claire and Nguyen, ThanhVu and Forrest, Stephanie and Weimer, Westley},
 title = {GenProg: A Generic Method for Automatic Software Repair},
 journal = {IEEE Trans. Softw. Eng.},
 issue_date = {January 2012},
 volume = {38},
 number = {1},
 month = jan,
 year = {2012},
 issn = {0098-5589},
 pages = {54--72},
 numpages = {19},
 url = {http://dx.doi.org/10.1109/TSE.2011.104},
 doi = {10.1109/TSE.2011.104},
 acmid = {2122544},
 publisher = {IEEE Press},
 address = {Piscataway, NJ, USA},
 keywords = {Automatic programming, corrections, testing and debugging.},
} 

@inproceedings{Nentwich:2003:CMR:776816.776871,
 author = {Nentwich, Christian and Emmerich, Wolfgang and Finkelsteiin, Anthony},
 title = {Consistency Management with Repair Actions},
 booktitle = {Proceedings of the 25th International Conference on Software Engineering},
 series = {ICSE '03},
 year = {2003},
 isbn = {0-7695-1877-X},
 location = {Portland, Oregon},
 pages = {455--464},
 numpages = {10},
 url = {http://dl.acm.org/citation.cfm?id=776816.776871},
 acmid = {776871},
 publisher = {IEEE Computer Society},
 address = {Washington, DC, USA},
}

@inproceedings{Parr:2014:ALP:2660193.2660202,
 author = {Parr, Terence and Harwell, Sam and Fisher, Kathleen},
 title = {Adaptive LL(*) Parsing: The Power of Dynamic Analysis},
 booktitle = {Proceedings of the 2014 ACM International Conference on Object Oriented Programming Systems Languages \& Applications},
 series = {OOPSLA '14},
 year = {2014},
 isbn = {978-1-4503-2585-1},
 location = {Portland, Oregon, USA},
 pages = {579--598},
 numpages = {20},
 url = {http://doi.acm.org/10.1145/2660193.2660202},
 doi = {10.1145/2660193.2660202},
 acmid = {2660202},
 publisher = {ACM},
 address = {New York, NY, USA},
 keywords = {all(*), augmented transition networks, dfa, gll, glr, grammar, ll(*), nondeterministic parsing, peg},
}

@book{Parr:2007:DAR:1209320,
 author = {Parr, Terence},
 title = {The Definitive ANTLR Reference: Building Domain-Specific Languages},
 year = {2007},
 isbn = {0978739256},
 publisher = {Pragmatic Bookshelf},
} 

@online{datacorruption,
author = {Matt Smith},
title = {What Is Data Corruption And How To Prevent It},
year = 2014,
url = {https://www.makeuseof.com/tag/data-corruption-prevent/},
urldate = {2018-07-26}
}

@online{mswordrecovery,
    author = {Microsoft Support},
    title = {How to recover a lost Word document},
    year = 2018,
url = {https://support.microsoft.com/en-us/help/316951},
urldate = {2018-07-26}
}

@online{antlrgrammars,
    author = {GitHub},
    title={Grammars written for {ANTLR} v4},
    url = {https://github.com/antlr/grammars-v4},
    year = 2018,
    urldate={2018-07-26}
}

@online{gllhaskell,
    author = {L. Thomas van Binsbergen},
    title = {gll: GLL parser with simple combinator interface},
    year = 2015,
    url = {http://hackage.haskell.org/package/gll},
    urldate = {2018-07-26}
}

@online{antlrjavadocdefaulterrorstrategy,
    author = {ANTLR 4.7.1 API JavaDocs},
    title = {Class DefaultErrorStrategy},
    year = 2018,
    url = {https://www.antlr.org/api/Java/org/antlr/v4/runtime/DefaultErrorStrategy.html},
    urldate = {2018-07-26}
}

@online{blender,
    author = {Blender Foundation},
    title = {blender.org - Home of the Blender project - Free and Open 3D Creation Software},
    year = 2018,
    url = {https://www.blender.org},
    urldate = {2018-08-21}
}


@online{minimalJSON,
    author = {Ralf Sternberg},
    title = {minimal-json - A fast and small JSON parser and writer for Java},
    year = 2018,
    url = {https://github.com/ralfstx/minimal-json},
    urldate = {2018-08-21}
}

@online{gephi,
    author = {Gephi},
    title = {The Open Graph Viz Platform},
    year = 2018,
    url = {https://gephi.org/},
    urldate = {2018-08-21}
}

@online{JQ,
    author = {Stephen Dolan},
    title = {Command-line JSON processor},
    year = 2018,
    url = {https://stedolan.github.io/jq/},
    urldate = {2018-08-21}
}


@online{json-simple,
    author = {json-simple},
    title = {A simple Java toolkit for {JSON}},
    year = 2018,
    url = {https://github.com/fangyidong/json-simple},
    urldate = {2018-08-21}
}


@online{assimp,
    author = {assimp team},
    title = {The Open-Asset-Importer-Lib},
    year = 2018,
    url = {http://www.assimp.org},
    urldate = {2018-08-21}
}

@online{appleseed,
    author = {The {appleseedHQ} Organization},
    title = {appleseed - A modern, open-source production renderer},
    year = 2018,
    url = {https://appleseedhq.net},
    urldate = {2018-08-21}
}

@online{levenshtein,
    author = {Michael Gilleland},
    title = {Levenshtein Distance, in Three Flavors},
    year = 2006,
    url = {https://people.cs.pitt.edu/~kirk/cs1501/Pruhs/Spring2006/assignments/editdistance/Levenshtein%20Distance.htm},
    urldate = {2018-08-21}
}

@online{graphviz,
    author = {AT\&T Labs Research},
    title = {Graphviz - Graph Visualization Software},
    year = 2018,
    url = {https://www.graphviz.org/},
    urldate = {2018-08-27}
}

@online{codecompletioncore,
    author = {Mike Lischke},
    title = {A grammar agnostic code completion engine for ANTLR4 based parsers},
    year = 2018,
    url = {https://github.com/mike-lischke/antlr4-c3},
    urldate = {2018-08-27}
}

@online{json,
    author = {Douglas Crockford},
    title = {ECMA-404 The JSON Data Interchange Standard},
    year = 2017,
    url = {https://www.json.org/},
    urldate = {2018-09-03}
}

@online{wavefront,
    title = {Wavefront OBJ Specification},
    author = {University of Utah},
    year = 2003,
    url = {https://www.cs.utah.edu/~boulos/cs3505/obj_spec.pdf},
    urldate = {2018-09-03}
}

@online{ssim,
    title = {How-To: Python Compare Two Images},
    author = {Adrian Rosebrock},
    year = 2014,
    url = {https://www.pyimagesearch.com/2014/09/15/python-compare-two-images/},
    urldate = {2018-09-03}
}

@online{objadvantages,
    title = {OBJ File Format – Simply Explained for CAD and 3D Printing},
    author = {Dibya Chakravorty},
    year = 2018,
    url = {https://all3dp.com/1/obj-file-format-3d-printing-cad},
    urldate = {2018-09-17}
}

@online{antlr,
    title = {ANTLR},
    author = {Terence Parr},
    year = 2018,
    url = {http://www.antlr.org},
    urldate = {2018-09-18}
}

@online{githubapi,
    title = {REST API v3},
    author = {GitHub Inc.},
    year = 2018,
    url = {https://developer.github.com/v3/},
    urldate = {2018-11-15}
}


@online{pyImageHash,
    title = {ImageHash 4.0},
    author = {Johannes Buchner},
    year = 2017,
    url = {https://pypi.org/project/ImageHash/},
    urldate = {2018-09-17}
}


@inproceedings{hierarchicalDD,
  title={{HDD}: Hierarchical Delta Debugging},
  author={Misherghi, Ghassan and Su, Zhendong},
  booktitle={Proceedings of the 28th international conference on Software engineering},
  pages={142--151},
  year={2006},
  organization={ACM}
}

@inproceedings{levDistance,
  title={Binary codes capable of correcting deletions, insertions, and reversals},
  author={Levenshtein, Vladimir I.},
  booktitle={Soviet physics doklady},
  volume={10},
  number={8},
  pages={707--710},
  year={1966}
}


@techreport{DOTSpec,
  title={Drawing graphs with dot},
  author={Koutsofios, Eleftherios and North, Stephen and others},
  year={1991},
  institution={Technical Report 910904-59113-08TM, AT\&T Bell Laboratories, Murray Hill, NJ}
}


@article{data_diversity,
  title={Data diversity: An approach to software fault tolerance},
  author={Ammann, Paul Eric and Knight, John C},
  journal={Ieee transactions on computers},
  number={4},
  pages={418--425},
  year={1988},
  publisher={IEEE}
}


@inproceedings{hussain2010dynamic,
  title={Dynamic symbolic data structure repair},
  author={Hussain, Ishtiaque and Csallner, Christoph},
  booktitle={Software Engineering, 2010 ACM/IEEE 32nd International Conference on},
  volume={2},
  pages={215--218},
  year={2010},
  organization={IEEE}
}


@inproceedings{elkarablieh2008juzi,
  title={{Juzi}: {A} tool for repairing complex data structures},
  author={Elkarablieh, Bassem and Khurshid, Sarfraz},
  booktitle={Proceedings of the 30th international conference on Software engineering},
  pages={855--858},
  year={2008},
  organization={ACM}
}


@inproceedings{scheffczyk2004s,
  title={S-DAGs: Towards efficient document repair generation},
  author={Scheffczyk, Jan and Borghoff, Uwe M and R{\"o}dig, Peter and Schmitz, Lothar},
  booktitle={Proc. of the 2nd Int. Conf. on Computing, Communications and Control Technologies},
  volume={2},
  pages={308--313},
  year={2004}
}


@book{zeller-wpf,
  title={Why programs fail: {A} guide to systematic debugging},
  author={Zeller, Andreas},
  year={2009},
  publisher={Elsevier}
}



@inproceedings{clause2009penumbra,
  title={{Penumbra}: {A}utomatically identifying failure-relevant inputs using dynamic tainting},
  author={Clause, James and Orso, Alessandro},
  booktitle={Proceedings of the eighteenth international symposium on Software testing and analysis},
  pages={249--260},
  year={2009},
  organization={ACM}
}

@article{sterling2007automated,
  title={Automated bug isolation via program chipping},
  author={Sterling, Chad D. and Olsson, Ronald A.},
  journal={Software: Practice and Experience},
  volume={37},
  number={10},
  pages={1061--1086},
  year={2007},
  publisher={Wiley Online Library}
}

@article{hammond1984survey,
  title={A survey on syntactic error recovery and repair},
  author={Hammond, K and Rayward-Smith, Victor J.},
  journal={Computer Languages},
  volume={9},
  number={1},
  pages={51--67},
  year={1984},
  publisher={Elsevier}
}

@book{backhouse1979syntax,
  title={Syntax of programming languages: theory and practice},
  author={Backhouse, Roland C},
  year={1979},
  publisher={Prentice-Hall, Inc.}
}

@article{anderson1981locally,
  title={Locally least-cost error recovery in Earley's algorithm},
  author={Anderson, S. O. and Backhouse, Roland Carl},
  journal={ACM Transactions on Programming Languages and Systems (TOPLAS)},
  volume={3},
  number={3},
  pages={318--347},
  year={1981},
  publisher={ACM}
}

@article{cerecke2003locally,
  title={Locally least-cost error repair in {LR} parsers},
  author={Cerecke, Carl},
  year={2003},
  publisher={University of Canterbury. Computer Science}
}

@article{anderson1983assessment,
  title={An assessment of locally least-cost error recovery},
  author={Anderson, S. O. and Backhouse, Roland Carl and Bugge, E. H. and Stirling, CP},
  journal={The Computer Journal},
  volume={26},
  number={1},
  pages={15--24},
  year={1983},
  publisher={Oxford University Press}
}


@book{burke1982practical,
  title={A practical method for syntactic error diagnosis and recovery},
  author={Burke, Michael and Fisher Jr, Gerald A.},
  volume={17},
  number={6},
  year={1982},
  publisher={ACM}
}


@article{mauney1982forward,
  title={A forward move algorithm for {LL} and {LR} parsers},
  author={Mauney, Jon and Fischer, Charles N.},
  journal={ACM SIGPLAN Notices},
  volume={17},
  number={6},
  pages={79--87},
  year={1982},
  publisher={ACM}
}


@article{krawczyk1980error,
  title={Error correction by mutational grammars},
  author={Krawczyk, Tomasz},
  journal={Information Processing Letters},
  volume={11},
  number={1},
  pages={9--15},
  year={1980},
  publisher={Elsevier}
}


@article{aho1972minimum,
  title={A minimum distance error-correcting parser for context-free languages},
  author={Aho, Alfred V and Peterson, Thomas G},
  journal={SIAM Journal on Computing},
  volume={1},
  number={4},
  pages={305--312},
  year={1972},
  publisher={SIAM}
}

@inproceedings{hoschele2017mining,
  title={Mining input grammars with AUTOGRAM},
  author={H{\"o}schele, Matthias and Zeller, Andreas},
  booktitle={Proceedings of the 39th International Conference on Software Engineering Companion},
  pages={31--34},
  year={2017},
  organization={IEEE Press}
}


@article{gopinath2018sample,
  title={Sample-Free Learning of Input Grammars for Comprehensive Software Fuzzing},
  author={Gopinath, Rahul and Mathis, Bj{\"o}rn and H{\"o}schele, Mathias and Kampmann, Alexander and Zeller, Andreas},
  journal={arXiv preprint arXiv:1810.08289},
  year={2018}
}

@article{wong2016survey,
  title={A survey on software fault localization},
  author={Wong, W Eric and Gao, Ruizhi and Li, Yihao and Abreu, Rui and Wotawa, Franz},
  journal={IEEE Transactions on Software Engineering},
  volume={42},
  number={8},
  pages={707--740},
  year={2016},
  publisher={IEEE}
}

@inproceedings{marginean2019sapfix,
  title={Sapfix: Automated end-to-end repair at scale},
  author={Marginean, Alexandru and Bader, Johannes and Chandra, Satish and Harman, Mark and Jia, Yue and Mao, Ke and Mols, Alexander and Scott, Andrew},
  booktitle={Proceedings of the 41st International Conference on Software Engineering: Software Engineering in Practice},
  pages={269--278},
  year={2019},
  organization={IEEE Press}
}

@inproceedings{mucslu2015preventing,
  title={Preventing data errors with continuous testing},
  author={Mu{\c{s}}lu, K{\i}van{\c{c}} and Brun, Yuriy and Meliou, Alexandra},
  booktitle={Proceedings of the 2015 International Symposium on Software Testing and Analysis},
  pages={373--384},
  year={2015}
}

@inproceedings{mucslu2013data,
  title={Data debugging with continuous testing},
  author={Mu{\c{s}}lu, K{\i}van{\c{c}} and Brun, Yuriy and Meliou, Alexandra},
  booktitle={Proceedings of the 2013 9th Joint Meeting on Foundations of Software Engineering},
  pages={631--634},
  year={2013}
}

@article{wang2015error,
  title={Error diagnosis and data profiling with data x-ray},
  author={Wang, Xiaolan and Feng, Mary and Wang, Yue and Dong, Xin Luna and Meliou, Alexandra},
  journal={Proceedings of the VLDB Endowment},
  volume={8},
  number={12},
  pages={1984--1987},
  year={2015},
  publisher={VLDB Endowment}
}

@article{xiong2006enhancing,
  title={Enhancing data analysis with noise removal},
  author={Xiong, Hui and Pandey, Gaurav and Steinbach, Michael and Kumar, Vipin},
  journal={IEEE Transactions on Knowledge and Data Engineering},
  volume={18},
  number={3},
  pages={304--319},
  year={2006},
  publisher={IEEE}
}

@article{hernandez1995merge,
  title={The merge/purge problem for large databases},
  author={Hern{\'a}ndez, Mauricio A and Stolfo, Salvatore J},
  journal={ACM Sigmod Record},
  volume={24},
  number={2},
  pages={127--138},
  year={1995},
  publisher={ACM New York, NY, USA}
}

@inproceedings{pochampally2014fusing,
  title={Fusing data with correlations},
  author={Pochampally, Ravali and Das Sarma, Anish and Dong, Xin Luna and Meliou, Alexandra and Srivastava, Divesh},
  booktitle={Proceedings of the 2014 ACM SIGMOD international conference on Management of data},
  pages={433--444},
  year={2014}
}

@article{geerts2013llunatic,
  title={The LLUNATIC data-cleaning framework},
  author={Geerts, Floris and Mecca, Giansalvatore and Papotti, Paolo and Santoro, Donatello},
  journal={Proceedings of the VLDB Endowment},
  volume={6},
  number={9},
  pages={625--636},
  year={2013},
  publisher={VLDB Endowment}
}

@article{galhardas2000ajax,
  title={AJAX: An extensible data cleaning tool},
  author={Galhardas, Helena and Florescu, Daniela and Shasha, Dennis and Simon, Eric},
  journal={ACM Sigmod Record},
  volume={29},
  number={2},
  pages={590},
  year={2000},
  publisher={ACM New York, NY, USA}
}

@article{golab2010data,
  title={Data auditor: Exploring data quality and semantics using pattern tableaux},
  author={Golab, Lukasz and Karloff, Howard and Korn, Flip and Srivastava, Divesh},
  journal={Proceedings of the VLDB Endowment},
  volume={3},
  number={1-2},
  pages={1641--1644},
  year={2010},
  publisher={VLDB Endowment}
}

@inproceedings{jeffery2006pipelined,
  title={A pipelined framework for online cleaning of sensor data streams},
  author={Jeffery, Shawn R and Alonso, Gustavo and Franklin, Michael J and Hong, Wei and Widom, Jennifer},
  booktitle={22nd International Conference on Data Engineering (ICDE'06)},
  pages={140--140},
  year={2006},
  organization={IEEE}
}

@inproceedings{raman2001potter,
  title={Potter's wheel: An interactive data cleaning system},
  author={Raman, Vijayshankar and Hellerstein, Joseph M},
  booktitle={VLDB},
  volume={1},
  pages={381--390},
  year={2001}
}

@inproceedings{luebbers2003systematic,
  title={Systematic development of data mining-based data quality tools},
  author={Luebbers, Dominik and Grimmer, Udo and Jarke, Matthias},
  booktitle={Proceedings 2003 VLDB Conference},
  pages={548--559},
  year={2003},
  organization={Elsevier}
}

@INPROCEEDINGS{8812141,
    author={Tomassi, David A. and Dmeiri, Naji and Wang, Yichen and Bhowmick, Antara and Liu, Yen-Chuan and Devanbu, Premkumar T. and Vasilescu, Bogdan and Rubio-González, Cindy},
    booktitle={2019 IEEE/ACM 41st International Conference on Software Engineering (ICSE)},
    title={BugSwarm: Mining and Continuously Growing a Dataset of Reproducible Failures and Fixes},
    year={2019},
    volume={},
    number={},
    pages={339-349},
    doi={10.1109/ICSE.2019.00048}
}

@inproceedings{10.1145/3180155.3180156,
author = {Banken, Herman and Meijer, Erik and Gousios, Georgios},
title = {Debugging Data Flows in Reactive Programs},
year = {2018},
isbn = {9781450356381},
publisher = {Association for Computing Machinery},
address = {New York, NY, USA},
url = {https://doi.org/10.1145/3180155.3180156},
doi = {10.1145/3180155.3180156},
abstract = {Reactive Programming is a style of programming that provides developers with a set of abstractions that facilitate event handling and stream processing. Traditional debug tools lack support for Reactive Programming, leading developers to fallback to the most rudimentary debug tool available: logging to the console.In this paper, we present the design and implementation of RxFiddle, a visualization and debugging tool targeted to Rx, the most popular form of Reactive Programming. RxFiddle visualizes the dependencies and structure of the data flow, as well as the data inside the flow. We evaluate RxFiddle with an experiment involving 111 developers. The results show that RxFiddle can help developers finish debugging tasks faster than with traditional debugging tools.},
booktitle = {Proceedings of the 40th International Conference on Software Engineering},
pages = {752–763},
numpages = {12},
keywords = {reactive programming, debugging, visualization, program comprehension},
location = {Gothenburg, Sweden},
series = {ICSE '18}
}

@misc{gopinath2020fuzzing,
      title={Fuzzing with Fast Failure Feedback}, 
      author={Rahul Gopinath and Bachir Bendrissou and Björn Mathis and Andreas Zeller},
      year={2020},
      eprint={2012.13516},
      archivePrefix={arXiv},
      primaryClass={cs.SE}
}

@inproceedings{kirschner2020debugging,
author = {Kirschner, Lukas and Soremekun, Ezekiel and Zeller, Andreas},
title = {Debugging Inputs},
year = {2020},
isbn = {9781450371216},
publisher = {Association for Computing Machinery},
address = {New York, NY, USA},
url = {https://doi.org/10.1145/3377811.3380329},
doi = {10.1145/3377811.3380329},
abstract = {When a program fails to process an input, it need not be the program code that is at fault. It can also be that the input data is faulty, for instance as result of data corruption. To get the data processed, one then has to debug the input data---that is, (1) identify which parts of the input data prevent processing, and (2) recover as much of the (valuable) input data as possible. In this paper, we present a general-purpose algorithm called ddmax that addresses these problems automatically. Through experiments, ddmax maximizes the subset of the input that can still be processed by the program, thus recovering and repairing as much data as possible; the difference between the original failing input and the "maximized" passing input includes all input fragments that could not be processed. To the best of our knowledge, ddmax is the first approach that fixes faults in the input data without requiring program analysis. In our evaluation, ddmax repaired about 69% of input files and recovered about 78% of data within one minute per input.},
booktitle = {Proceedings of the ACM/IEEE 42nd International Conference on Software Engineering},
pages = {75–86},
numpages = {12},
location = {Seoul, South Korea},
series = {ICSE '20}
}


@misc{harrand2021behavioral,
      title={The Behavioral Diversity of Java JSON Libraries},
      author={Nicolas Harrand and Thomas Durieux and David Broman and Benoit Baudry},
      year={2021},
      eprint={2104.14323},
      archivePrefix={arXiv},
      primaryClass={cs.SE}
}

@misc{seriot2016parsing,
  title={Parsing JSON is a minefield},
  author={Nicolas Seriot},
  year={2016},
  howpublished={\url{https://seriot.ch/projects/parsing\_json.html}},
}


@misc{arvin2018comparison,
  title={Comparison of different SQL implementations},
  author={Troels Arvin},
  year={2018},
  howpublished={\url{https://troels.arvin.dk/db/rdbms/}}
}

@misc{eaton2021parser,
  title={Parser generators vs. handwritten parsers: surveying major language implementations in 2021},
  author={Phil Eaton},
  year={2021},
  howpublished={\url{https://notes.eatonphil.com/parser-generators-vs-handwritten-parsers-survey-2021.html}}
}

%, i.e.,


@misc{visnoviz2019comparison,
  title={Comparison of syntax extensions in Markdown flavors},
  author={M\'arton Visnovitz},
  year={2019},
  howpublished={\url{https://gist.github.com/vimtaai/99f8c89e7d3d02a362117284684baa0f}}
}


@misc{gruber2004markdown,
  author={John Gruber},
  title = {Introducing Markdown},
  year={2004},
  howpublished={\url{https://daringfireball.net/2004/03/introducing\_markdown}}
}

@inproceedings{mathis2019parser,
    author = {Mathis, Bj\"{o}rn and Gopinath, Rahul and Mera, Micha\"{e}l and Kampmann, Alexander and H\"{o}schele, Matthias and Zeller, Andreas},
    title = {Parser-Directed Fuzzing},
    year = {2019},
    publisher = {Association for Computing Machinery},
    address = {New York, NY, USA},
    booktitle = {Proceedings of the 40th ACM SIGPLAN Conference on Programming Language Design and Implementation},
    pages = {548–560},
    numpages = {13},
    keywords = {fuzzing, security, parsers, test generation},
    location = {Phoenix, AZ, USA},
    series = {PLDI 2019}
}

@inproceedings{diekmann2020dont,
  author    = {Lukas Diekmann and
               Laurence Tratt},
  editor    = {Robert Hirschfeld and
               Tobias Pape},
  title     = {Don't Panic! Better, Fewer, Syntax Errors for {LR} Parsers},
  booktitle = {34th European Conference on Object-Oriented Programming, {ECOOP} 2020,
               November 15-17, 2020, Berlin, Germany (Virtual Conference)},
  series    = {LIPIcs},
  volume    = {166},
  pages     = {6:1--6:32},
  publisher = {Schloss Dagstuhl - Leibniz-Zentrum f{\"{u}}r Informatik},
  year      = {2020},
  url       = {https://doi.org/10.4230/LIPIcs.ECOOP.2020.6},
  doi       = {10.4230/LIPIcs.ECOOP.2020.6},
  timestamp = {Mon, 21 Dec 2020 13:23:22 +0100},
  biburl    = {https://dblp.org/rec/conf/ecoop/DiekmannT19.bib},
  bibsource = {dblp computer science bibliography, https://dblp.org}
}

@inproceedings{misherghi2006hdd,
  title={HDD: hierarchical delta debugging},
  author={Misherghi, Ghassan and Su, Zhendong},
  booktitle={Proceedings of the 28th international conference on Software engineering},
  pages={142--151},
  year={2006}
}

@book{parr2013definitive,
  title={The definitive ANTLR 4 reference},
  author={Parr, Terence},
  year={2013},
  publisher={Pragmatic Bookshelf}
}

@article{parr2011ll,
  title={LL (*) the foundation of the ANTLR parser generator},
  author={Parr, Terence and Fisher, Kathleen},
  journal={ACM Sigplan Notices},
  volume={46},
  number={6},
  pages={425--436},
  year={2011},
  publisher={ACM New York, NY, USA}
}

@inproceedings{scaffidi2008topes,
  title={Topes},
  author={Scaffidi, Christopher and Myers, Brad and Shaw, Mary},
  booktitle={2008 ACM/IEEE 30th International Conference on Software Engineering},
  pages={1--10},
  year={2008},
  organization={IEEE}
}



@misc{whatwgurl,
  title={URL Living Standard},
  author={WHATWG},
  year={2022},
  howpublished={\url{https://url.spec.whatwg.org/}},
}



@inproceedings{scaffidi2008accommodating,
  title={Accommodating data heterogeneity in ULS systems},
  author={Scaffidi, Christopher and Shaw, Mary},
  booktitle={Proceedings of the 2nd international workshop on Ultra-large-scale software-intensive systems},
  pages={15--18},
  year={2008}
}



@misc{taocp,
  author={Eric S Raymond},
  title={{The Art of Unix Programming, Chapter 5. Textuality}},
  howpublished={\url{http://www.catb.org/~esr/writings/taoup/html/ch05s02.html}},
  year={2003},
}

@misc{xmlconformance,
  author={David Brownell},
  title={{XML Conformance Update}},
  year={2000},
  howpublished={\url{https://www.xml.com/pub/2000/05/10/conformance/conformance.html}},
}

@misc{urldisagree,
  author={Zac Sims},
  year={2023},
  title={},
  howpublished={\url{https://www.canva.dev/blog/engineering/when-url-parsers-disagree-cve-2023-38633/}}
}

@misc{uncommongrammars,
  author={Steve Dignam},
  year={2018},
  title={ Are Parser Generators Common? No. },
  howpublished={\url{https://steve.dignam.xyz/2018/09/18/are-parser-generators-common/}}
}

@misc{uncommongrammars2,
  author={Phil Eaton},
  year={2021},
  title={Parser generators vs. handwritten parsers},
  howpublished={\url{https://notes.eatonphil.com/parser-generators-vs-handwritten-parsers-survey-2021.html}}
}
@article{ridzuan2019review,
  title={A review on data cleansing methods for big data},
  author={Ridzuan, Fakhitah and Zainon, Wan Mohd Nazmee Wan},
  journal={Procedia Computer Science},
  volume={161},
  pages={731--738},
  year={2019},
  publisher={Elsevier}
}

@article{hernandez1998real,
  title={Real-world data is dirty: Data cleansing and the merge/purge problem},
  author={Hern{\'a}ndez, Mauricio A and Stolfo, Salvatore J},
  journal={Data mining and knowledge discovery},
  volume={2},
  pages={9--37},
  year={1998},
  publisher={Springer}
}
